<?xml version="1.0" encoding="UTF-8"?><collection xmlns="http://www.loc.gov/MARC21/slim"><record><leader>00424nam--2200145-i-4500</leader><controlfield tag="001">000016275</controlfield><controlfield tag="002">20161230</controlfield><controlfield tag="005">20170125170346</controlfield><controlfield tag="008">060222s1000------------r-----000-0-eng-d</controlfield><datafield ind1=" " ind2=" " tag="100"><subfield code="a">Spitzer,Martha Nee Aronsohn</subfield></datafield><datafield ind1=" " ind2=" " tag="245"><subfield code="a">Resonance optique et reflexion selective avec les vapeurs de cadmium et de zinc</subfield><subfield code="b">these</subfield></datafield><datafield ind1=" " ind2=" " tag="260"><subfield code="a">Paris</subfield><subfield code="b">Universite</subfield><subfield code="c">1960</subfield></datafield><datafield ind1=" " ind2=" " tag="300"><subfield code="a">/707-767/ p</subfield></datafield><datafield ind1=" " ind2=" " tag="852"><subfield code="a">78036</subfield></datafield><datafield ind1=" " ind2=" " tag="CAT"><subfield code="a">SYS</subfield><subfield code="c">20170125</subfield><subfield code="h">170346</subfield></datafield></record></collection>